@article{Glashow_1,
author = "S.L. Glashow",
title = "Partial Symmetries of Weak Interactions",
year="1961",
journal="Nucl. Phys. 22",
pages="579-588",
note = "DOI: 10.1016/0029-5582(61)90469-2"
}
%doi: 10.1016/0029-5582(61)90469-2.

@article{Weinberg_1,
author = "S.L. Glashow",
title = "Partial Symmetries of Weak Interactions",
year="1961",
journal="Nucl. Phys. 22",
pages="579-588",
note = "DOI: 10.1016/0029-5582(61)90469-2"
}
%doi: 10.1103/PhysRevLett.19.1264

@article{Salam_1,
author = "S.L. Glashow",
title = "Partial Symmetries of Weak Interactions",
year="1961",
journal="Nucl. Phys. 22",
pages="579-588",
note = "DOI: 10.1016/0029-5582(61)90469-2"
}
%Abdus Salam. “Weak and Electromagnetic Interactions”. Conf. Proc. C680519 (1968), pp. 367–377.

@article{Englert_Brout,
author = "S.L. Glashow",
title = "Partial Symmetries of Weak Interactions",
year="1961",
journal="Nucl. Phys. 22",
pages="579-588",
note = "DOI: 10.1016/0029-5582(61)90469-2"}
%F. Englert and R. Brout, Broken symmetry and the mass of gauge vector mesons, Phys. Rev. Lett. 13 (1964) 321.

@article{PeterHiggs_1,
author = "S.L. Glashow",
title = "Partial Symmetries of Weak Interactions",
year="1961",
journal="Nucl. Phys. 22",
pages="579-588",
note = "DOI: 10.1016/0029-5582(61)90469-2"}
%P. W. Higgs, Broken symmetries, massless particles and gauge fields, Phys. Lett. 12 (1964) 132.

@article{PeterHiggs_2,
author = "S.L. Glashow",
title = "Partial Symmetries of Weak Interactions",
year="1961",
journal="Nucl. Phys. 22",
pages="579-588",
note = "DOI: 10.1016/0029-5582(61)90469-2"}
%P. W. Higgs, Broken symmetries and the masses of gauge bosons, Phys. Rev. Lett. 13 (1964) 508.

@article{PeterHiggs_3,
author = "S.L. Glashow",
title = "Partial Symmetries of Weak Interactions",
year="1961",
journal="Nucl. Phys. 22",
pages="579-588",
note = "DOI: 10.1016/0029-5582(61)90469-2"}
% P. W. Higgs, Spontaneous symmetry breakdown without massless bosons, Phys. Rev. 145 (1966) 1156.

@article{Guralnik_Hagen_Kibble,
author = "S.L. Glashow",
title = "Partial Symmetries of Weak Interactions",
year="1961",
journal="Nucl. Phys. 22",
pages="579-588",
note = "DOI: 10.1016/0029-5582(61)90469-2"}
% G. S. Guralnik, C. R. Hagen and T. W. B. Kibble, Global conservation laws and massless particles, Phys. Rev. Lett. 13 (1964) 585.

@article{Kibble,
author = "S.L. Glashow",
title = "Partial Symmetries of Weak Interactions",
year="1961",
journal="Nucl. Phys. 22",
pages="579-588",
note = "DOI: 10.1016/0029-5582(61)90469-2"}
% T. W. B. Kibble, Symmetry breaking in non-abelian gauge theories, Phys. Rev. 155 (1967) 1554

@article{Higgs_ATLAS,
author = "S.L. Glashow",
title = "Partial Symmetries of Weak Interactions",
year="1961",
journal="Nucl. Phys. 22",
pages="579-588",
note = "DOI: 10.1016/0029-5582(61)90469-2"}
%doi: 10.1016/j.physletb.2012.08.020. arXiv: 1207.7214

@article{Higgs_CMS,
author = "S.L. Glashow",
title = "Partial Symmetries of Weak Interactions",
year="1961",
journal="Nucl. Phys. 22",
pages="579-588",
note = "DOI: 10.1016/0029-5582(61)90469-2"}
% doi: 10.1016/j.physletb.2012.08.021. arXiv: 1207.7235 [hep-ex].

@article{Neutrino_Oscillations,
author = "S.L. Glashow",
title = "Partial Symmetries of Weak Interactions",
year="1961",
journal="Nucl. Phys. 22",
pages="579-588",
note = "DOI: 10.1016/0029-5582(61)90469-2"}
%Super-Kamiokande Collaboration, Evidence for oscillation of atmospheric neutrinos, Phys. Rev. Lett. 81 (1998) 1562 [hep-ex/9807003].

@article{DarkMatter,
author = "S.L. Glashow",
title = "Partial Symmetries of Weak Interactions",
year="1961",
journal="Nucl. Phys. 22",
pages="579-588",
note = "DOI: 10.1016/0029-5582(61)90469-2"}
%doi: 10.1051/0004- 6361/201833910. arXiv: 1807. 06209 [astro-ph.CO]

@article{HierarchyProblem,
author = "S.L. Glashow",
title = "Partial Symmetries of Weak Interactions",
year="1961",
journal="Nucl. Phys. 22",
pages="579-588",
note = "DOI: 10.1016/0029-5582(61)90469-2"}
%doi: 10.1103/PhysRevD.13.974.

@article{MatterAntimatter,
author = "S.L. Glashow",
title = "Partial Symmetries of Weak Interactions",
year="1961",
journal="Nucl. Phys. 22",
pages="579-588",
note = "DOI: 10.1016/0029-5582(61)90469-2"}
%https://arxiv.org/pdf/hep-ph/0303065

@article{QFT,
author = "S.L. Glashow",
title = "Partial Symmetries of Weak Interactions",
year="1961",
journal="Nucl. Phys. 22",
pages="579-588",
note = "DOI: 10.1016/0029-5582(61)90469-2"}
%[9] F. Mandl and G. Shaw, “Quantum field theory”. John Wiley & Sons, 2010.

@article{ParticleMasses,
author = "S.L. Glashow",
title = "Partial Symmetries of Weak Interactions",
year="1961",
journal="Nucl. Phys. 22",
pages="579-588",
note = "DOI: 10.1016/0029-5582(61)90469-2"
}
%P.A. Zyla et al. “Review of Particle Physics”. PTEP 2020.8 (2020), p. 083C01. doi: 10.1093/ptep/ptaa104

@article{Higgs_Mass,
author = "S.L. Glashow",
title = "Partial Symmetries of Weak Interactions",
year="1961",
journal="Nucl. Phys. 22",
pages="579-588",
note = "DOI: 10.1016/0029-5582(61)90469-2"
}
%https://arxiv.org/abs/2409.13663

@article{Noether,
author = "S.L. Glashow",
title = "Partial Symmetries of Weak Interactions",
year="1961",
journal="Nucl. Phys. 22",
pages="579-588",
note = "DOI: 10.1016/0029-5582(61)90469-2"
}
https://link.springer.com/book/10.1007/978-0-387-87868-3

@article{QED,
author = "S.L. Glashow",
title = "Partial Symmetries of Weak Interactions",
year="1961",
journal="Nucl. Phys. 22",
pages="579-588",
note = "DOI: 10.1016/0029-5582(61)90469-2"
}
%I. J. R. Aitchison and A. J. G. Hey. “Gauge theories in particle physics: A practical introduction. Vol. 1: From relativistic quantum mechanics to QED”. CRC Press, (2012).

@article{AsymptoticFreedom_1,
author = "S.L. Glashow",
title = "Partial Symmetries of Weak Interactions",
year="1961",
journal="Nucl. Phys. 22",
pages="579-588",
note = "DOI: 10.1016/0029-5582(61)90469-2"}
%H. D. Politzer, “Asymptotic Freedom: An Approach to Strong Interactions”, Phys. Rept. 14 (1974) 129–180, doi:10.1016/0370-1573(74)90014-3.

@article{AsymptoticFreedom_2,
author = "S.L. Glashow",
title = "Partial Symmetries of Weak Interactions",
year="1961",
journal="Nucl. Phys. 22",
pages="579-588",
note = "DOI: 10.1016/0029-5582(61)90469-2"}
%David J. Gross and Frank Wilczek. “Ultraviolet Behavior of Non-Abelian Gauge Theories”. Phys. Rev. Lett. 30.26 (1973), pp. 1343–1346. doi: 10.1103/PhysRevLett. 30.1343.

@article{Hadronisation_Jets,
author = "S.L. Glashow",
title = "Partial Symmetries of Weak Interactions",
year="1961",
journal="Nucl. Phys. 22",
pages="579-588",
note = "DOI: 10.1016/0029-5582(61)90469-2"}
%Gavin P. Salam. “Towards Jetography”. Eur. Phys. J. C 67 (2010), pp. 637–686. doi: 10.1140/epjc/s10052-010-1314-6. arXiv: 0906.1833 [hep-ph].

@article{ParityViolation_Wu,
author = "S.L. Glashow",
title = "Partial Symmetries of Weak Interactions",
year="1961",
journal="Nucl. Phys. 22",
pages="579-588",
note = "DOI: 10.1016/0029-5582(61)90469-2"}
%C. S. Wu et al. “Experimental Test of Parity Conservation in Beta Decay”. Phys. Rev. 105.4 (1957), pp. 1413–1415. doi: 10.1103/PhysRev.105.1413.

@article{W_Z_MassMeasurements_1,
author = "S.L. Glashow",
title = "Partial Symmetries of Weak Interactions",
year="1961",
journal="Nucl. Phys. 22",
pages="579-588",
note = "DOI: 10.1016/0029-5582(61)90469-2"}
%https://arxiv.org/abs/2412.13872

@article{W_Z_MassMeasurements_2,
author = "S.L. Glashow",
title = "Partial Symmetries of Weak Interactions",
year="1961",
journal="Nucl. Phys. 22",
pages="579-588",
note = "DOI: 10.1016/0029-5582(61)90469-2"}
%https://www.sciencedirect.com/science/article/abs/pii/0370269393902109

@article{SSB_Definition,
  author = {Author Name},
  title = {Title of the Higgs Paper},
  journal = {Journal Name},
  year = {2023},
  volume = {1},
  number = {1},
  pages = {1--10}
}
%https://arxiv.org/abs/1909.01820

@article{Goldstone,
  author = {Author Name},
  title = {Title of the Higgs Paper},
  journal = {Journal Name},
  year = {2023},
  volume = {1},
  number = {1},
  pages = {1--10}
}
%doi: 10.1103/PhysRev.127.965

@article{HiggsParity_1,
  author = {Author Name},
  title = {Title of the Higgs Paper},
  journal = {Journal Name},
  year = {2023},
  volume = {1},
  number = {1},
  pages = {1--10}
}
%CMS Collaboration, Study of the Mass and Spin-Parity of the Higgs Boson Candidate Via Its Decays to Z Boson Pairs, Phys. Rev. Lett. 110 (2013) 081803 [1212.6639].

@article{HiggsParity_2,
  author = {Author Name},
  title = {Title of the Higgs Paper},
  journal = {Journal Name},
  year = {2023},
  volume = {1},
  number = {1},
  pages = {1--10}
}
% ATLAS Collaboration, Evidence for the spin-0 nature of the Higgs boson using ATLAS data, Phys. Lett. B726 (2013) 120 [1307.1432]

@article{CMS_Couplings_Measurement,
  author = {Author Name},
  title = {Title of the Higgs Paper},
  journal = {Journal Name},
  year = {2023},
  volume = {1},
  number = {1},
  pages = {1--10}
}
%https://arxiv.org/abs/2207.00043

@article{HiggsProduction_XS_13TeV,
  author = {Author Name},
  title = {Title of the Higgs Paper},
  journal = {Journal Name},
  year = {2023},
  volume = {1},
  number = {1},
  pages = {1--10}
}
%https://arxiv.org/pdf/1610.07922

@article{HiggsProduction_XS_13p6TeV,
  author = {Author Name},
  title = {Title of the Higgs Paper},
  journal = {Journal Name},
  year = {2023},
  volume = {1},
  number = {1},
  pages = {1--10}
}
%https://arxiv.org/abs/2402.09955

@article{MarkThompson,
  author = {Author Name},
  title = {Title of the Higgs Paper},
  journal = {Journal Name},
  year = {2023},
  volume = {1},
  number = {1},
  pages = {1--10}
}

@article{SUSY,
  author = {Author Name},
  title = {Title of the Higgs Paper},
  journal = {Journal Name},
  year = {2023},
  volume = {1},
  number = {1},
  pages = {1--10}
}
%https://www.worldscientific.com/doi/abs/10.1142/9789812839657_0001

@article{Higgs_Mass_Z4L,
  author = {Author Name},
  title = {Title of the Higgs Paper},
  journal = {Journal Name},
  year = {2023},
  volume = {1},
  number = {1},
  pages = {1--10}
}
%https://arxiv.org/abs/2409.13663

@article{2HDM_1,
  author = {Author Name},
  title = {Title of the Higgs Paper},
  journal = {Journal Name},
  year = {2023},
  volume = {1},
  number = {1},
  pages = {1--10}
}
%https://arxiv.org/abs/1106.0034

@article{FCNC_1,
  author = {Author Name},
  title = {Title of the Higgs Paper},
  journal = {Journal Name},
  year = {2023},
  volume = {1},
  number = {1},
  pages = {1--10}
}
%https://journals.aps.org/prd/abstract/10.1103/PhysRevD.15.1958

@article{2HDM_2,
  author = {Author Name},
  title = {Title of the Higgs Paper},
  journal = {Journal Name},
  year = {2023},
  volume = {1},
  number = {1},
  pages = {1--10}
}
%https://arxiv.org/abs/hep-ph/0408011

@article{FCNC_Constraints,
  author = {Author Name},
  title = {Title of the Higgs Paper},
  journal = {Journal Name},
  year = {2023},
  volume = {1},
  number = {1},
  pages = {1--10}
}
%https://arxiv.org/abs/1204.5273

@article{Fermilab_g-2,
  author = {Author Name},
  title = {Title of the Higgs Paper},
  journal = {Journal Name},
  year = {2023},
  volume = {1},
  number = {1},
  pages = {1--10}
}
%https://journals.aps.org/prl/abstract/10.1103/PhysRevLett.131.161802

@article{Muon_Theory_Initiative,
  author = {Author Name},
  title = {Title of the Higgs Paper},
  journal = {Journal Name},
  year = {2023},
  volume = {1},
  number = {1},
  pages = {1--10}
}
%https://inspirehep.net/literature/1800513

@article{Barr_Zee_1,
  author = {Author Name},
  title = {Title of the Higgs Paper},
  journal = {Journal Name},
  year = {2023},
  volume = {1},
  number = {1},
  pages = {1--10}
}
%https://arxiv.org/abs/1502.04199

@article{Barr_Zee_2,
  author = {Author Name},
  title = {Title of the Higgs Paper},
  journal = {Journal Name},
  year = {2023},
  volume = {1},
  number = {1},
  pages = {1--10}
}
%https://journals.aps.org/prl/abstract/10.1103/PhysRevLett.65.21

@article{TypeX_2HDM,
  author = {Author Name},
  title = {Title of the Higgs Paper},
  journal = {Journal Name},
  year = {2023},
  volume = {1},
  number = {1},
  pages = {1--10}
}
%https://journals.aps.org/prd/abstract/10.1103/PhysRevD.104.095008

@article{Sakharov,
  author = {Author Name},
  title = {Title of the Higgs Paper},
  journal = {Journal Name},
  year = {2023},
  volume = {1},
  number = {1},
  pages = {1--10}
}
%https://inspirehep.net/literature/51345

@article{CKM_1,
  author = {Author Name},
  title = {Title of the Higgs Paper},
  journal = {Journal Name},
  year = {2023},
  volume = {1},
  number = {1},
  pages = {1--10}
}
%[1] N. Cabibbo, Phys.Rev.Lett. 10, 531 (1963).
@article{CKM_2,
  author = {Author Name},
  title = {Title of the Higgs Paper},
  journal = {Journal Name},
  year = {2023},
  volume = {1},
  number = {1},
  pages = {1--10}
}
%[2] M. Kobayashi and T. Maskawa, Prog.Theor.Phys. 49, 652 (1973).

@article{CP_QuarkSector_1,
  author = {Author Name1},
  title = {Title of the Higgs Paper},
  journal = {Journal Name},
  year = {2023},
  volume = {1},
  number = {1},
  pages = {1--10}
}
%[1] J. H. Christenson et al., Phys. Rev. Lett. 13, 138 (1964).

@article{CP_QuarkSector_2,
  author = {Author Name2},
  title = {Title of the Higgs Paper},
  journal = {Journal Name},
  year = {2023},
  volume = {1},
  number = {1},
  pages = {1--10}
}
%[2] B. Aubert et al. (BaBar), Phys. Rev. Lett. 87, 091801 (2001), [hep-ex/0107013].

@article{CP_QuarkSector_3,
  author = {Author Name3},
  title = {Title of the Higgs Paper},
  journal = {Journal Name},
  year = {2023},
  volume = {1},
  number = {1},
  pages = {1--10}
}
%[3] K. Abe et al. (Belle), Phys. Rev. Lett. 87, 091802 (2001), [hep-ex/0107061].

@article{CP_QuarkSector_4,
  author = {Author Name4},
  title = {Title of the Higgs Paper},
  journal = {Journal Name},
  year = {2023},
  volume = {1},
  number = {1},
  pages = {1--10}
}
%[4] H. Burkhardt et al. (NA31), Phys. Lett. B206, 169 (1988).

@article{CP_QuarkSector_5,
  author = {Author Name5},
  title = {Title of the Higgs Paper},
  journal = {Journal Name},
  year = {2023},
  volume = {1},
  number = {1},
  pages = {1--10}
}
%[5] V. Fanti et al. (NA48), Phys. Lett. B465, 335 (1999), [hep-ex/9909022].

@article{CP_QuarkSector_6,
  author = {Author Name6},
  title = {Title of the Higgs Paper},
  journal = {Journal Name},
  year = {2023},
  volume = {1},
  number = {1},
  pages = {1--10}
}
%[6] A. Alavi-Harati et al. (KTeV), Phys. Rev. Lett. 83, 22 (1999), [hep-ex/9905060].

@article{CP_QuarkSector_7,
  author = {Author Name7},
  title = {Title of the Higgs Paper},
  journal = {Journal Name},
  year = {2023},
  volume = {1},
  number = {1},
  pages = {1--10}
}
%[7] B. Aubert et al. (BaBar), Phys. Rev. Lett. 93, 131801 (2004), [hep-ex/0407057].

@article{CP_QuarkSector_8,
  author = {Author Name8},
  title = {Title of the Higgs Paper},
  journal = {Journal Name},
  year = {2023},
  volume = {1},
  number = {1},
  pages = {1--10}
}
%[8] Y. Chao et al. (Belle), Phys. Rev. Lett. 93, 191802 (2004), [hep-ex/0408100].

@article{CP_QuarkSector_9,
  author = {Author Name9},
  title = {Title of the Higgs Paper},
  journal = {Journal Name},
  year = {2023},
  volume = {1},
  number = {1},
  pages = {1--10}
}
%[9] A. Poluektov et al. (Belle), Phys. Rev. D81, 112002 (2010), [arXiv:1003.3360].

@article{CP_QuarkSector_10,
  author = {Author Name10},
  title = {Title of the Higgs Paper},
  journal = {Journal Name},
  year = {2023},
  volume = {1},
  number = {1},
  pages = {1--10}
}
%[10] P. del Amo Sanchez et al. (BaBar), Phys. Rev. D82, 072004 (2010), [arXiv:1007.0504].

@article{CP_QuarkSector_11,
  author = {Author Name11},
  title = {Title of the Higgs Paper},
  journal = {Journal Name},
  year = {2023},
  volume = {1},
  number = {1},
  pages = {1--10}
}
%[11] R. Aaij et al. (LHCb), Phys. Lett. B712, 203 (2012), [Erratum: Phys. Lett.B713,351(2012)],[arXiv:1203.3662].

@article{CP_QuarkSector_12,
  author = {Author Name12},
  title = {Title of the Higgs Paper},
  journal = {Journal Name},
  year = {2023},
  volume = {1},
  number = {1},
  pages = {1--10}
}
%[12] R. Aaij et al. (LHCb), Phys. Rev. Lett. 110, 22, 221601 (2013), [arXiv:1304.6173].

@article{CP_QuarkSector_13,
  author = {Author Name13},
  title = {Title of the Higgs Paper},
  journal = {Journal Name},
  year = {2023},
  volume = {1},
  number = {1},
  pages = {1--10}
}
%[13] R. Aaij et al. (LHCb), Phys. Rev. Lett. 122, 21, 211803 (2019), [arXiv:1903.08726].

@article{CP_QuarkSector_14,
  author = {Author Name14},
  title = {Title of the Higgs Paper},
  journal = {Journal Name},
  year = {2023},
  volume = {1},
  number = {1},
  pages = {1--10}
}
%Y. Amhis et al. (HFLAV), Eur. Phys. J. C77, 12, 895 (2017), [arXiv:1612.07233]

@article{CP_Neutrino_Oscillations,
  author = {Author Name14},
  title = {Title of the Higgs Paper},
  journal = {Journal Name},
  year = {2023},
  volume = {1},
  number = {1},
  pages = {1--10}
}
%https://cds.cern.ch/record/2853181?ln=en

@article{CP_constraints_1,
  author = {Author Name_CP_1},
  title = {Title of the Higgs Paper},
  journal = {Journal Name},
  year = {2023},
  volume = {1},
  number = {1},
  pages = {1--10}
}
%https://arxiv.org/abs/1307.1432

@article{CP_constraints_2,
  author = {Author Name_CP_2},
  title = {Title of the Higgs Paper},
  journal = {Journal Name},
  year = {2023},
  volume = {1},
  number = {1},
  pages = {1--10}
}
%https://arxiv.org/abs/1212.6639

@article{CP_constraints_3,
  author = {Author Name_CP_3},
  title = {Title of the Higgs Paper},
  journal = {Journal Name},
  year = {2023},
  volume = {1},
  number = {1},
  pages = {1--10}
}
%https://arxiv.org/abs/1506.05669

@article{CP_constraints_4,
  author = {Author Name_CP_4},
  title = {Title of the Higgs Paper},
  journal = {Journal Name},
  year = {2023},
  volume = {1},
  number = {1},
  pages = {1--10}
}
%https://arxiv.org/abs/1411.3441

@article{CP_constraints_5,
  author = {Author Name_CP_5},
  title = {Title of the Higgs Paper},
  journal = {Journal Name},
  year = {2023},
  volume = {1},
  number = {1},
  pages = {1--10}
}
%https://arxiv.org/abs/1602.04516

@article{CP_constraints_6,
  author = {Author Name_CP_6},
  title = {Title of the Higgs Paper},
  journal = {Journal Name},
  year = {2023},
  volume = {1},
  number = {1},
  pages = {1--10}
}
%https://arxiv.org/abs/1602.04305

@article{CP_constraints_7,
  author = {Author Name_CP_7},
  title = {Title of the Higgs Paper},
  journal = {Journal Name},
  year = {2023},
  volume = {1},
  number = {1},
  pages = {1--10}
}
%https://arxiv.org/abs/1707.00541

@article{CP_constraints_8,
  author = {Author Name_CP_8},
  title = {Title of the Higgs Paper},
  journal = {Journal Name},
  year = {2023},
  volume = {1},
  number = {1},
  pages = {1--10}
}
%https://arxiv.org/abs/1901.00174

@article{CP_constraints_9,
  author = {Author Name_CP_9},
  title = {Title of the Higgs Paper},
  journal = {Journal Name},
  year = {2023},
  volume = {1},
  number = {1},
  pages = {1--10}
}
%https://arxiv.org/abs/1903.06973

@article{CP_constraints_10,
  author = {Author Name_CP_10},
  title = {Title of the Higgs Paper},
  journal = {Journal Name},
  year = {2023},
  volume = {1},
  number = {1},
  pages = {1--10}
}
%https://arxiv.org/abs/2002.05315

@article{CP_constraints_11,
  author = {Author Name_CP_11},
  title = {Title of the Higgs Paper},
  journal = {Journal Name},
  year = {2023},
  volume = {1},
  number = {1},
  pages = {1--10}
}
%https://arxiv.org/abs/2004.04545

@article{CP_constraints_12,
  author = {Author Name_CP_12},
  title = {Title of the Higgs Paper},
  journal = {Journal Name},
  year = {2023},
  volume = {1},
  number = {1},
  pages = {1--10}
}
%https://arxiv.org/abs/2003.10866

@article{CP_constraints_13,
  author = {Author Name_CP_13},
  title = {Title of the Higgs Paper},
  journal = {Journal Name},
  year = {2023},
  volume = {1},
  number = {1},
  pages = {1--10}
}
%https://arxiv.org/abs/2104.12152

@article{CP_constraints_14,
  author = {Author Name_CP_14},
  title = {Title of the Higgs Paper},
  journal = {Journal Name},
  year = {2023},
  volume = {1},
  number = {1},
  pages = {1--10}
}
%https://arxiv.org/abs/2110.04836

@article{CP_constraints_15,
  author = {Author Name_CP_15},
  title = {Title of the Higgs Paper},
  journal = {Journal Name},
  year = {2023},
  volume = {1},
  number = {1},
  pages = {1--10}
}
%https://arxiv.org/abs/2109.13808

@article{CP_constraints_16,
  author = {Author Name_CP_16},
  title = {Title of the Higgs Paper},
  journal = {Journal Name},
  year = {2023},
  volume = {1},
  number = {1},
  pages = {1--10}
}
%https://arxiv.org/abs/2202.06923

@article{CP_constraints_17,
  author = {Author Name_CP_17},
  title = {Title of the Higgs Paper},
  journal = {Journal Name},
  year = {2023},
  volume = {1},
  number = {1},
  pages = {1--10}
}
%https://arxiv.org/abs/2205.05120

@article{CP_constraints_18,
  author = {Author Name_CP_18},
  title = {Title of the Higgs Paper},
  journal = {Journal Name},
  year = {2023},
  volume = {1},
  number = {1},
  pages = {1--10}
}
%https://arxiv.org/abs/2208.02686

@article{CP_constraints_19,
  author = {Author Name_CP_19},
  title = {Title of the Higgs Paper},
  journal = {Journal Name},
  year = {2023},
  volume = {1},
  number = {1},
  pages = {1--10}
}
%https://arxiv.org/abs/2212.05833

@article{CP_constraints_20,
  author = {Author Name_CP_20},
  title = {Title of the Higgs Paper},
  journal = {Journal Name},
  year = {2023},
  volume = {1},
  number = {1},
  pages = {1--10}
}
%https://arxiv.org/abs/2303.05974

@article{CP_constraints_21,
  author = {Author Name_CP_21},
  title = {Title of the Higgs Paper},
  journal = {Journal Name},
  year = {2023},
  volume = {1},
  number = {1},
  pages = {1--10}
}
%https://arxiv.org/abs/2305.07532

@article{CP_constraints_22,
  author = {Author Name_CP_22},
  title = {Title of the Higgs Paper},
  journal = {Journal Name},
  year = {2023},
  volume = {1},
  number = {1},
  pages = {1--10}
}
%https://arxiv.org/abs/2304.09612

@article{PolarimetricVectorDefinition,
  author = {Author Name_PV},
  title = {Title of the Higgs Paper},
  journal = {Journal Name},
  year = {2023},
  volume = {1},
  number = {1},
  pages = {1--10}
}
%https://cds.cern.ch/record/2797704/files/CR2021_247.pdf

@article{HiggsCP_CMS_2021,
  author = {Author Name_PV},
  title = {Title of the Higgs Paper},
  journal = {Journal Name},
  year = {2023},
  volume = {1},
  number = {1},
  pages = {1--10}
}
%https://arxiv.org/pdf/2110.04836